<?xml version="1.0" encoding="UTF-8"?><record xmlns="http://www.loc.gov/MARC21/slim" xmlns:cinclude="http://apache.org/cocoon/include/1.0" xmlns:zs="http://www.loc.gov/zing/srw/">
  <leader>00570cz  a2200145n  4500</leader>
  <controlfield tag="001">n  88644621 </controlfield>
  <controlfield tag="003">DLC</controlfield>
  <controlfield tag="005">20080308080039.0</controlfield>
  <controlfield tag="008">880617n| acannaabn          |a and      </controlfield>
  <datafield tag="010" ind1=" " ind2=" ">
    <subfield code="a">n  88644621 </subfield>
  </datafield>
  <datafield tag="035" ind1=" " ind2=" ">
    <subfield code="a">(OCoLC)oca02303679</subfield>
  </datafield>
  <datafield tag="040" ind1=" " ind2=" ">
    <subfield code="a">DLC</subfield>
    <subfield code="b">eng</subfield>
    <subfield code="c">DLC</subfield>
    <subfield code="d">OCoLC</subfield>
  </datafield>
  <datafield tag="110" ind1="2" ind2=" ">
    <subfield code="a">Yale Law School.</subfield>
    <subfield code="b">Program in Civil Liability</subfield>
  </datafield>
  <datafield tag="410" ind1="2" ind2=" ">
    <subfield code="a">Program in Civil Liability (Yale Law School)</subfield>
  </datafield>
  <datafield tag="670" ind1=" " ind2=" ">
    <subfield code="a">nuc88-75442: Rogerson, C. Products liability and the ... 1985</subfield>
    <subfield code="b">(hdg. on NcD-L rept.: Yale Law School. Program in Civil Liability; usage: Yale Law School, Program in Civil Liability)</subfield>
  </datafield>
</record>